% Encoding: windows-1252

@article{moro2014data,
	title={A data-driven approach to predict the success of bank telemarketing},
	author={Moro, S{\'e}rgio and Cortez, Paulo and Rita, Paulo},
	journal={Decision Support Systems},
	volume={62},
	pages={22--31},
	year={2014},
	publisher={Elsevier}
}

@inproceedings{caruana2004ensemble,
	title={Ensemble selection from libraries of models},
	author={Caruana, Rich and Niculescu-Mizil, Alexandru and Crew, Geoff and Ksikes, Alex},
	booktitle={Proceedings of the twenty-first international conference on Machine learning},
	pages={18},
	year={2004},
	organization={ACM}
}

@inproceedings{caruana2006getting,
	title={Getting the most out of ensemble selection},
	author={Caruana, Rich and Munson, Art and Niculescu-Mizil, Alexandru},
	booktitle={Data Mining, 2006. ICDM'06. Sixth International Conference on},
	pages={828--833},
	year={2006},
	organization={IEEE}
}


@Comment{jabref-meta: databaseType:bibtex;}
